@article{Gabow2000,
  author    = {Harold N. Gabow},
  title     = {Path-based depth-first search for strong and biconnected components},
  journal   = {Inf. Process. Lett.},
  volume    = {74},
  number    = {3-4},
  pages     = {107--114},
  year      = {2000},
  url       = {http://dx.doi.org/10.1016/S0020-0190(00)00051-X},
  doi       = {10.1016/S0020-0190(00)00051-X},
  timestamp = {Thu, 20 Nov 2003 14:02:27 +0100},
  biburl    = {http://dblp.uni-trier.de/rec/bib/journals/ipl/Gabow00},
  bibsource = {dblp computer science bibliography, http://dblp.org}
}

@inproceedings{Tarjan1971,
  author    = {Robert Endre Tarjan},
  title     = {Depth-First Search and Linear Graph Algorithms (Working Paper)},
  booktitle = {12th Annual Symposium on Switching and Automata Theory, East Lansing,
               Michigan, USA, October 13-15, 1971},
  pages     = {114--121},
  year      = {1971},
  crossref  = {DBLP:conf/focs/FOCS12},
  url       = {http://dx.doi.org/10.1109/SWAT.1971.10},
  doi       = {10.1109/SWAT.1971.10},
  timestamp = {Tue, 16 Dec 2014 09:57:20 +0100},
  biburl    = {http://dblp.uni-trier.de/rec/bib/conf/focs/Tarjan71},
  bibsource = {dblp computer science bibliography, http://dblp.org}
}